@misc{SRS,
 author ="Group 18",
 title = "../SRS/SRS.pdf",
 year = "2018",
 }

@misc{EclEmma,
  author ="EclEmma",
  title = "https://www.eclemma.org/",
  year = "2017-03-28",
  }
